@article{simics,
 author = {Magnusson, Peter S. and Christensson, Magnus and Eskilson, Jesper and Forsgren, Daniel and H{\aa}llberg, Gustav and H\"{o}gberg, Johan and Larsson, Fredrik and Moestedt, Andreas and Werner, Bengt},
 title = {Simics: A Full System Simulation Platform},
 journal = {Computer},
 issue_date = {February 2002},
 volume = {35},
 number = {2},
 month = feb,
 year = {2002},
 issn = {0018-9162},
 pages = {50--58},
 numpages = {9},
 url = {http://dx.doi.org/10.1109/2.982916},
 doi = {10.1109/2.982916},
 acmid = {621909},
 publisher = {IEEE Computer Society Press},
 address = {Los Alamitos, CA, USA},
}

@inproceedings{sel4,
 author = {Klein, Gerwin and Elphinstone, Kevin and Heiser, Gernot and Andronick, June and Cock, David and Derrin, Philip and Elkaduwe, Dhammika and Engelhardt, Kai and Kolanski, Rafal and Norrish, Michael and Sewell, Thomas and Tuch, Harvey and Winwood, Simon},
 title = {seL4: formal verification of an OS kernel},
 booktitle = {Proceedings of the ACM SIGOPS 22nd symposium on Operating systems principles},
 series = {SOSP '09},
 year = {2009},
 isbn = {978-1-60558-752-3},
 location = {Big Sky, Montana, USA},
 pages = {207--220},
 numpages = {14},
 url = {http://doi.acm.org/10.1145/1629575.1629596},
 doi = {10.1145/1629575.1629596},
 acmid = {1629596},
 publisher = {ACM},
 address = {New York, NY, USA},
 keywords = {isabelle/hol, l4, microkernel, sel4},
}

@inproceedings{dpor,
 author = {Flanagan, Cormac and Godefroid, Patrice},
 title = {Dynamic partial-order reduction for model checking software},
 booktitle = {Proceedings of the 32nd ACM SIGPLAN-SIGACT symposium on Principles of programming languages},
 series = {POPL '05},
 year = {2005},
 isbn = {1-58113-830-X},
 location = {Long Beach, California, USA},
 pages = {110--121},
 numpages = {12},
 url = {http://doi.acm.org/10.1145/1040305.1040315},
 doi = {10.1145/1040305.1040315},
 acmid = {1040315},
 publisher = {ACM},
 address = {New York, NY, USA},
 keywords = {partial-order reduction, software model checking},
}

@article{dbug-retreat,
 author = {Jiri Simsa and Randy Bryant and Garth Gibson and Jason Hickey},
 title = {{Efficient Exploratory Testing of Concurrent Systems}},
 journal = {PDL-CMU Technical Report},
 month = {Novemeber},
 year = {2011},
 volume = {113},
}

@inproceedings{racepro,
 author = {Laadan, Oren and Viennot, Nicolas and Tsai, Chia-Che and Blinn, Chris and Yang, Junfeng and Nieh, Jason},
 title = {Pervasive detection of process races in deployed systems},
 booktitle = {Proceedings of the Twenty-Third ACM Symposium on Operating Systems Principles},
 series = {SOSP '11},
 year = {2011},
 isbn = {978-1-4503-0977-6},
 location = {Cascais, Portugal},
 pages = {353--367},
 numpages = {15},
 url = {http://doi.acm.org/10.1145/2043556.2043589},
 doi = {10.1145/2043556.2043589},
 acmid = {2043589},
 publisher = {ACM},
 address = {New York, NY, USA},
 keywords = {debugging, model checking, race detection, record-replay},
}

@inproceedings{chess,
 author = {Musuvathi, Madanlal and Qadeer, Shaz and Ball, Thomas and Basler, Gerard and Nainar, Piramanayagam Arumuga and Neamtiu, Iulian},
 title = {Finding and reproducing Heisenbugs in concurrent programs},
 booktitle = {Proceedings of the 8th USENIX conference on Operating systems design and implementation},
 series = {OSDI'08},
 year = {2008},
 location = {San Diego, California},
 pages = {267--280},
 numpages = {14},
 url = {http://dl.acm.org/citation.cfm?id=1855741.1855760},
 acmid = {1855760},
 publisher = {USENIX Association},
 address = {Berkeley, CA, USA},
}
